@inproceedings{Ishikawa2009a,
abstract = {画像分野の多くの問題がマルコフ確率場などのエネルギー最小化問題として表されるが，実際に使われる エネルギーは，少数の2階の例外を除いて，最大2点に依存する項の和からなる1階のものに限られてきた．自然画 像の統計的性質をよりよく表現するためには，より多くの点に依存する項を持つ，高階のエネルギーの使用が望まれ るが，今までそれを効率的に最小化する方法が知られていなかった．本稿では，任意階のエネルギーを同値な1階の エネルギーに変換することにより，QPBOなどのグラフカット手法を使って高階エネルギーを最小化する方法を述べ る．信念伝播法(BP)による高階エネルギー最小化法の検証に使われた3階のエネルギーによる画像復元実験の結果， それらのBP手法に比べて，最適化の度合で有意に上回り，また速度は数十倍～数百倍高速であることも報告する．},
author = {石川 博},
booktitle = {Proceedings of MIRU},
keywords = {graph cut,graph-cut,higher order,markov random field,optimization},
mendeley-tags = {graph-cut},
title = {高階グラフカット},
year = {2009}
}
